<?xml version="1.0" encoding="UTF-8"?><collection xmlns="http://www.loc.gov/MARC21/slim"><record><leader>00537nam--2200181-i-4500</leader><controlfield tag="001">000041353</controlfield><controlfield tag="002">20161230</controlfield><controlfield tag="005">20170205222138</controlfield><controlfield tag="008">060222s1000------------r-----000-0-fre-d</controlfield><datafield ind1=" " ind2=" " tag="040"><subfield code="a">IFIN-HH</subfield></datafield><datafield ind1=" " ind2=" " tag="041"><subfield code="a">fre</subfield></datafield><datafield ind1="1" ind2=" " tag="100"><subfield code="a">Sharpe, Jack</subfield></datafield><datafield ind1="1" ind2="0" tag="245"><subfield code="a">Mesure et detection des rayonnements nucleaires</subfield><subfield code="b">Traduction et adaptation de J. Chatelet, preface de J.Gueron</subfield><subfield code="c">J. Sharpe, D. Taylor</subfield></datafield><datafield ind1=" " ind2=" " tag="260"><subfield code="a">Paris</subfield><subfield code="b">Dunod</subfield><subfield code="c">1958</subfield></datafield><datafield ind1=" " ind2=" " tag="300"><subfield code="a">XI + 321 p</subfield></datafield><datafield ind1="1" ind2=" " tag="700"><subfield code="a">Taylor, D</subfield></datafield><datafield ind1=" " ind2=" " tag="852"><subfield code="a">13189</subfield><subfield code="c">539.1.07:539.1.08</subfield></datafield><datafield ind1=" " ind2=" " tag="CAT"><subfield code="a">SYS</subfield><subfield code="c">20170205</subfield><subfield code="h">222138</subfield></datafield></record></collection>